@Electronic{MMK,
  author       = {Benjamin Bross},
  language     = {deutsch},
  month        = may,
  organization = {Frauenhofer Heinrich-Hertz Institute},
  title        = {Bildkompression},
  url          = {https://moodle.htw-berlin.de/pluginfile.php/1216458/mod_resource/content/2/MMK_SoSe2021_3_Bildkompression.pdf},
  year         = {2021},
  groups       = {Quellkodierung},
  keywords     = {online},
  owner        = {Benjamin Bross},
}

@Article{ITWissen.info,
  author   = {DATACOM Buchverlag GmbH},
  title    = {Lauflängencodierung},
  year     = {2012},
  month    = oct,
  groups   = {Quellkodierung},
  keywords = {online},
  owner    = {DATACOM Buchverl},
  url      = {https://www.itwissen.info/RLE-run-length-encoding-Lauflaengencodierung.html},
}

@Article{IONOS,
  author    = {IONOS SE},
  journal   = {Digital Guide IONOS by 1&1},
  title     = {Datenreduktion durch Deduplikation und Kompression},
  year      = {2021},
  month     = jan,
  groups    = {Quellkodierung},
  keywords  = {online},
  owner     = {1&1},
  timestamp = {2022-01-16},
  url       = {https://www.ionos.de/digitalguide/server/knowhow/datenreduktion-durch-deduplikation-und-kompression/},
}

@Article{gym-wst,
  author    = {Gymnasium Westerstede},
  title     = {Lauflängencodierung},
  groups    = {Quellkodierung},
  keywords  = {online},
  timestamp = {2022-01-16},
  url       = {https://www.informatik.gym-wst.de/de/qphase/codierung/lauflaengencodierung},
}

@Misc{rostfrank,
  author       = {Frank Rost},
  howpublished = {Internet},
  month        = oct,
  title        = {JPEG - Joint Photographic Expert Group},
  year         = {2013},
  groups       = {Quellkodierung},
  keywords     = {image},
  owner        = {Frank Rost},
  timestamp    = {2022-01-16},
  url          = {http://informatik.rostfrank.de/info/lex04/jpeg.html},
}

@Article{kocerheiztech,
  author    = {kocer-heiztech},
  title     = {Funktionsweise einer Fußbodenheizung},
  groups    = {Quellkodierung},
  keywords  = {image},
  owner     = {kocer-heiztech},
  timestamp = {2022-01-16},
  url       = {https://www.kocer-heiztech.at/blog/fussbodenheizungen/},
}

@Electronic{Lange2021,
  author       = {Prof. Dr. Christoph Lange},
  language     = {deutsch},
  month        = nov,
  organization = {HTW},
  title        = {Einführung in die Informations- undKodierungstheorie I},
  url          = {https://moodle.htw-berlin.de/pluginfile.php/1361027/mod_resource/content/1/SNT_HTW_Lange_WS_2021_22_04_InfKodTheorie_1.pdf},
  year         = {2021},
  groups       = {Quellkodierung},
  keywords     = {online},
  timestamp    = {2022-01-16},
}

@Comment{jabref-meta: databaseType:bibtex;}

@Comment{jabref-meta: grouping:
0 AllEntriesGroup:;
1 StaticGroup:Quellkodierung\;0\;1\;0x8a8a8aff\;ACCOUNT_VOICE\;Belegarbeit\;;
}
